<?xml version="1.0" encoding="UTF-8"?><collection xmlns="http://www.loc.gov/MARC21/slim"><record><leader>00481nam--2200181-i-4500</leader><controlfield tag="001">000001811</controlfield><controlfield tag="002">20161230</controlfield><controlfield tag="005">20161230201024</controlfield><controlfield tag="008">060222s1000------------r-----000-0-eng-d</controlfield><datafield ind1=" " ind2=" " tag="040"><subfield code="a">IFIN-HH</subfield></datafield><datafield ind1=" " ind2=" " tag="080"><subfield code="a">53</subfield></datafield><datafield ind1="1" ind2=" " tag="100"><subfield code="a">Freier,George D</subfield></datafield><datafield ind1="1" ind2="0" tag="245"><subfield code="a">University physics. experiment and theory</subfield><subfield code="c">George d. freier</subfield></datafield><datafield ind1=" " ind2=" " tag="260"><subfield code="a">New York</subfield><subfield code="b">Appleton-century-crofts</subfield><subfield code="c">1965</subfield></datafield><datafield ind1=" " ind2=" " tag="300"><subfield code="a">XX + 539 P</subfield></datafield><datafield ind1=" " ind2=" " tag="490"><subfield code="a">Series In Physics</subfield></datafield><datafield ind1=" " ind2=" " tag="852"><subfield code="a">28006</subfield><subfield code="c">53</subfield></datafield><datafield ind1=" " ind2=" " tag="CAT"><subfield code="a">Sys</subfield><subfield code="c">20150219</subfield><subfield code="h">130454</subfield></datafield></record></collection>